% Encoding: UTF-8 

@article{AAB95,
	Author = {Y. A. Abramovich and C. D. Aliprantis and O. Burkinshaw},
	Journal = {Operator Theory in Function Spaces and Banach Lattices. {\em The A.C.\,Zaanen Anniversary Volume}, Operator Theory: Advances and Applications},
	Note = {Birkh\"auser Verlag},
	Pages = {15-31},
	Title = {Another Characterization of the Invariant Subspace Problem},
	Volume = {75},
	Year = {1995}}

@Article{AlGr,
  author =  {C. Altavilla and P. De Grauwe},
  title =   {Forecasting and combining competing models of exchange rate determination},
  journal = {Applied Economics},
  year =    {2008},
  volume =  {42},
  pages =   {3455-3480}
}

@article{And11,
	Author = {R. Andrawis, A. Atiya, and H. El-Shishiny},
	Journal = {International Journal of Forecasting},
	Pages = {672-688},
	Title = {Forecast combinations of computational intelligence and linear models for the NN5 time series forecasting competition},
	Volume = {27:3},
	Year = {2011}}
