% Encoding: UTF-8 
@article{bikhchandani1992theory,
  title={A theory of fads, fashion, custom, and cultural change as informational cascades},
  author={Bikhchandani, Sushil and Hirshleifer, David and Welch, Ivo},
  journal={Journal of political Economy},
  volume={100},
  number={5},
  pages={992--1026},
  year={1992},
  publisher={The University of Chicago Press}
}

@article{grinblatt2005prospect,
  title={Prospect theory, mental accounting, and momentum},
  author={Grinblatt, Mark and Han, Bing},
  journal={Journal of financial economics},
  volume={78},
  number={2},
  pages={311--339},
  year={2005},
  publisher={Elsevier}
}

@article{barberis1998model,
  title={A model of investor sentiment},
  author={Barberis, Nicholas and Shleifer, Andrei and Vishny, Robert},
  journal={Journal of financial economics},
  volume={49},
  number={3},
  pages={307--343},
  year={1998},
  publisher={Elsevier}
}

@article{baltas2013momentum,
  title={Momentum strategies in futures markets and trend-following funds},
  author={Baltas, Nick and Kosowski, Robert},
  journal={Available at SSRN 1968996},
  year={2013}
}

@article{asness2013value,
  title={Value and momentum everywhere},
  author={Asness, Clifford S and Moskowitz, Tobias J and Pedersen, Lasse Heje},
  journal={The journal of finance},
  volume={68},
  number={3},
  pages={929--985},
  year={2013},
  publisher={Wiley Online Library}
}

@article{moskowitz2012time,
  title={Time series momentum},
  author={Moskowitz, Tobias J and Ooi, Yao Hua and Pedersen, Lasse Heje},
  journal={Journal of financial economics},
  volume={104},
  number={2},
  pages={228--250},
  year={2012},
  publisher={Elsevier}
}

@article{nagel2001overreaction,
  title={Is it overreaction? The performance of value and momentum strategies at long horizons},
  author={Nagel, Stefan},
  journal={The Performance of Value and Momentum Strategies at Long Horizons (July 2001)},
  year={2001}
}

@article{fama1970efficient,
  title={Efficient capital markets},
  author={Fama, Eugene F},
  journal={Journal of finance},
  volume={25},
  number={2},
  pages={383--417},
  year={1970}
}

@article{jegadeesh1993returns,
  title={Returns to buying winners and selling losers: Implications for stock market efficiency},
  author={Jegadeesh, Narasimhan and Titman, Sheridan},
  journal={The Journal of finance},
  volume={48},
  number={1},
  pages={65--91},
  year={1993},
  publisher={Wiley Online Library}
}

@article{AAB95,
	Author = {Y. A. Abramovich and C. D. Aliprantis and O. Burkinshaw},
	Journal = {Operator Theory in Function Spaces and Banach Lattices. {\em The A.C.\,Zaanen Anniversary Volume}, Operator Theory: Advances and Applications},
	Note = {Birkh\"auser Verlag},
	Pages = {15-31},
	Title = {Another Characterization of the Invariant Subspace Problem},
	Volume = {75},
	Year = {1995}}

@Article{AlGr,
  author =  {C. Altavilla and P. De Grauwe},
  title =   {Forecasting and combining competing models of exchange rate determination},
  journal = {Applied Economics},
  year =    {2008},
  volume =  {42},
  pages =   {3455-3480}
}

@article{And11,
	Author = {R. Andrawis, A. Atiya, and H. El-Shishiny},
	Journal = {International Journal of Forecasting},
	Pages = {672-688},
	Title = {Forecast combinations of computational intelligence and linear models for the NN5 time series forecasting competition},
	Volume = {27:3},
	Year = {2011}}
